% This file was created with JabRef 2.10.
% Encoding: ISO8859_1


@Article{article,
  Title                    = {An identity authenfication system using fingerprints.},
  Author                   = {A.K. Jain, L. Hong, S. Pankanti et R. Bolle.},
  Journal                  = {Proceedings of the IEEE},
  Year                     = {1997},
  Month                    = {Septembre},
  Note                     = {},
  Number                   = {9},
  Pages                    = {},
  Volume                   = {85}
}

@Article{key2,
  Title                    = {Neural Network based minutiae filtering in fingerprints.},
  Author                   = {D. Maio et D. Maltoni.},
  Journal                  = {Proceedings of the IEEE},
  Year                     = {1998},
  Month                    = {},
  Note                     = {},
  Number                   = {},
  Pages                    = {},
  Volume                   = {}
}

@Article{key3,
  Title                    = {Algorithms for image processing and computer vision.},
  Author                   = {J.R. Parker},
  Journal                  = { Wiley \& Sons,},
  Year                     = {1996},
  Month                    = {},
  Note                     = {},
  Number                   = {},
  Pages                    = {},
  Volume                   = {}
}

@Article{key4,
  Title                    = {Computer and robot vision.},
  Author                   = {Haralick et Shapiro},
  Journal                  = {Addison-Wesley,},
  Year                     = {1992},
  Month                    = {},
  Note                     = {},
  Number                   = {},
  Pages                    = {},
  Volume                   = {1}
}

@Article{key5,
  Title                    = {Syst\`eme automatique de reconnaissance d’empreintes digitales. S\'ecurisation de l’authentification sur carte à puce.},
  Author                   = { Christel-Lo\"ic TISSE, Lionel MARTIN, Lionel TORRES, Michel ROBERT.},
  Journal                  = {},
  Year                     = {1992},
  Month                    = {},
  Note                     = {Universit\'e de Montpellier.},
  Number                   = {},
  Pages                    = {},
  Volume                   = {}
}
 
